@article{khan2017review,
  title={Review of fall detection techniques: A data availability perspective},
  author={Khan, Shehroz S and Hoey, Jesse},
  journal={Medical engineering \& physics},
  volume={39},
  pages={12--22},
  year={2017},
  publisher={Elsevier}
}

@article{stack2017falls,
  title={Falls are unintentional: Studying simulations is a waste of faking time},
  author={Stack, Emma},
  journal={Journal of Rehabilitation and Assistive Technologies Engineering},
  volume={4},
  pages={2055668317732945},
  year={2017},
  publisher={SAGE Publications Sage UK: London, England}
}

@article{rastogi2021systematic,
  title={A systematic review on machine learning for fall detection system},
  author={Rastogi, Shikha and Singh, Jaspreet},
  journal={Computational intelligence},
  volume={37},
  number={2},
  pages={951--974},
  year={2021},
  publisher={Wiley Online Library}
}

@article{step_safely_2021,
  title={Step safely: strategies for preventing and managing falls across the life-course},
  author={{World Health Organization}},
  year={2021},
  publisher={World Health Organization}
}

@article{montero2022world,
  title={World guidelines for falls prevention and management for older adults: a global initiative},
  author={Montero-Odasso, Manuel and Van Der Velde, Nathalie and Martin, Finbarr C and Petrovic, Mirko and Tan, Maw Pin and Ryg, Jesper and Aguilar-Navarro, Sara and Alexander, Neil B and Becker, Clemens and Blain, Hubert and others},
  journal={Age and ageing},
  volume={51},
  number={9},
  pages={afac205},
  year={2022},
  publisher={Oxford University Press}
}

@article{klenk2016farseeing,
  title={The FARSEEING real-world fall repository: a large-scale collaborative database to collect and share sensor signals from real-world falls},
  author={Klenk, Jochen and Schwickert, Lars and Palmerini, Luca and Mellone, Sabato and Bourke, Alan and Ihlen, Espen AF and Kerse, Ngaire and Hauer, Klaus and Pijnappels, Mirjam and Synofzik, Matthis and others},
  journal={European review of aging and physical activity},
  volume={13},
  pages={1--7},
  year={2016},
  publisher={Springer}
}

@article{klenk2017conceptualizing,
  title={Conceptualizing a dynamic fall risk model including intrinsic risks and exposures},
  author={Klenk, Jochen and Becker, Clemens and Palumbo, Pierpaolo and Schwickert, Lars and Rapp, Kilan and Helbostad, Jorunn L and Todd, Chris and Lord, Stephen R and Kerse, Ngaire},
  journal={Journal of the American Medical Directors Association},
  volume={18},
  number={11},
  pages={921--927},
  year={2017},
  publisher={Elsevier}
}

@article{palmerini2020accelerometer,
  title={Accelerometer-based fall detection using machine learning: Training and testing on real-world falls},
  author={Palmerini, Luca and Klenk, Jochen and Becker, Clemens and Chiari, Lorenzo},
  journal={Sensors},
  volume={20},
  number={22},
  pages={6479},
  year={2020},
  publisher={MDPI}
}

@article{becker2012proposal,
  title={Proposal for a multiphase fall model based on real-world fall recordings with body-fixed sensors},
  author={Becker, Clemens and Schwickert, Lars and Mellone, Sabato and Bagal{\`a}, Fabio and Chiari, Lorenzo and Helbostad, Jorunn L and Zijlstra, Wiebren and Aminian, Kamiar and Bourke, Alan and Todd, Chris and others},
  journal={Zeitschrift fur Gerontologie und Geriatrie},
  volume={45},
  number={8},
  pages={707},
  year={2012}
}

@article{camp2024integrating,
  title={Integrating fall prevention strategies into EMS services to reduce falls and associated healthcare costs for older adults},
  author={Camp, Kathlene and Murphy, Sara and Pate, Brandon},
  journal={Clinical interventions in aging},
  pages={561--569},
  year={2024},
  publisher={Taylor \& Francis}
}

@article{vaishya2020falls,
  title={Falls in older adults are serious},
  author={Vaishya, Raju and Vaish, Abhishek},
  journal={Indian journal of orthopaedics},
  volume={54},
  pages={69--74},
  year={2020},
  publisher={Springer}
}

@article{saleh2020fallalld,
  title={FallAllD: An open dataset of human falls and activities of daily living for classical and deep learning applications},
  author={Saleh, Majd and Abbas, Manuel and Le Jeannes, Regine Bouquin},
  journal={IEEE Sensors Journal},
  volume={21},
  number={2},
  pages={1849--1858},
  year={2020},
  publisher={IEEE}
}

@article{sucerquia2017sisfall,
  title={SisFall: A fall and movement dataset},
  author={Sucerquia, Angela and L{\'o}pez, Jos{\'e} David and Vargas-Bonilla, Jes{\'u}s Francisco},
  journal={Sensors},
  volume={17},
  number={1},
  pages={198},
  year={2017},
  publisher={MDPI}
}

@inproceedings{chen2006wearable,
  title={Wearable sensors for reliable fall detection},
  author={Chen, Jay and Kwong, Karric and Chang, Dennis and Luk, Jerry and Bajcsy, Ruzena},
  booktitle={2005 IEEE engineering in medicine and biology 27th annual conference},
  pages={3551--3554},
  year={2006},
  organization={IEEE}
}

@inproceedings{kim2022fall,
  title={Fall detection based on interpretation of important features with wrist-wearable sensors},
  author={Kim, Jeong-Kyun and Oh, Da-Som and Lee, Kangbok and Hong, Sang Gi},
  booktitle={Proceedings of the 28th Annual International Conference on Mobile Computing And Networking},
  pages={823--825},
  year={2022}
}

@article{liu2021deep,
  title={Deep-learning-based signal enhancement of low-resolution accelerometer for fall detection systems},
  author={Liu, Kai-Chun and Hung, Kuo-Hsuan and Hsieh, Chia-Yeh and Huang, Hsiang-Yun and Chan, Chia-Tai and Tsao, Yu},
  journal={IEEE Transactions on Cognitive and Developmental Systems},
  volume={14},
  number={3},
  pages={1270--1281},
  year={2021},
  publisher={IEEE}
}

@inproceedings{jeong2019human,
  title={Human-skeleton based fall-detection method using LSTM for manufacturing industries},
  author={Jeong, Sungil and Kang, Sungjoo and Chun, Ingeol},
  booktitle={2019 34th International Technical Conference on Circuits/Systems, Computers and Communications (ITC-CSCC)},
  pages={1--4},
  year={2019},
  organization={IEEE}
}

@article{kang2021fall,
  title={Fall detection method based on pose estimation using GRU},
  author={Kang, Yoonkyu and Kang, Heeyong and Kim, Jongbae},
  journal={Software Engineering, Artificial Intelligence, Networking and Parallel/Distributed Computing},
  pages={169--179},
  year={2021},
  publisher={Springer}
}

@article{beddiar2022fall,
  title={Fall detection using body geometry and human pose estimation in video sequences},
  author={Beddiar, Djamila Romaissa and Oussalah, Mourad and Nini, Brahim},
  journal={Journal of Visual Communication and Image Representation},
  volume={82},
  pages={103407},
  year={2022},
  publisher={Elsevier}
}

@article{liu2023review,
  title={A review of wearable sensors based fall-related recognition systems},
  author={Liu, Jiawei and Li, Xiaohu and Huang, Shanshan and Chao, Rui and Cao, Zhidong and Wang, Shu and Wang, Aiguo and Liu, Li},
  journal={Engineering Applications of Artificial Intelligence},
  volume={121},
  pages={105993},
  year={2023},
  publisher={Elsevier}
}

@article{la2020wearable,
  title={A wearable fall detection system based on body area networks},
  author={La Blunda, Luigi and Gutierrez-Madronal, Lorena and Wagner, Matthias F and Medina-Bulo, Inmaculada},
  journal={IEEE Access},
  volume={8},
  pages={193060--193074},
  year={2020},
  publisher={IEEE}
}

@article{son2022machine,
  title={A machine learning approach for the classification of falls and activities of daily living in agricultural workers},
  author={Son, Hyunmok and Lim, Jae Woon and Park, Sangbae and Park, Byeongjoo and Han, Jinsub and Kim, Hong Bae and Lee, Myung Chul and Jang, Kyoung-Je and Kim, Ghiseok and Chung, Jong Hoon},
  journal={IEEE Access},
  volume={10},
  pages={77418--77431},
  year={2022},
  publisher={IEEE}
}

@article{de2021wearable,
  title={Wearable pre-impact fall detection system based on 3D accelerometer and subjectâ€™s height},
  author={de Sousa, Felipe Augusto Sodr{\'e} Ferreira and Escriba, Christophe and Bravo, Eli Gabriel Avina and Brossa, Vincent and Fourniols, Jean-Yves and Rossi, Carole},
  journal={IEEE Sensors Journal},
  volume={22},
  number={2},
  pages={1738--1745},
  year={2021},
  publisher={IEEE}
}

@article{le2022novel,
  title={A novel feature set extraction based on accelerometer sensor data for improving the fall detection system},
  author={Le, Hong-Lam and Nguyen, Duc-Nhan and Nguyen, Thi-Hau and Nguyen, Ha-Nam},
  journal={Electronics},
  volume={11},
  number={7},
  pages={1030},
  year={2022},
  publisher={MDPI}
}

@article{nho2021ui,
  title={UI-GAN: Generative adversarial network-based anomaly detection using user initial information for wearable devices},
  author={Nho, Young-Hoon and Ryu, Semin and Kwon, Dong-Soo},
  journal={IEEE Sensors Journal},
  volume={21},
  number={8},
  pages={9949--9958},
  year={2021},
  publisher={IEEE}
}

@article{wu2022applying,
  title={Applying deep learning technology for automatic fall detection using mobile sensors},
  author={Wu, Xiaodan and Zheng, Yumeng and Chu, Chao-Hsien and Cheng, Lingyu and Kim, Jungyoon},
  journal={Biomedical Signal Processing and Control},
  volume={72},
  pages={103355},
  year={2022},
  publisher={Elsevier}
}

@article{choi2022deep,
  title={Deep learning-based near-fall detection algorithm for fall risk monitoring system using a single inertial measurement unit},
  author={Choi, Ahnryul and Kim, Tae Hyong and Yuhai, Oleksandr and Jeong, Soohwan and Kim, Kyungran and Kim, Hyunggun and Mun, Joung Hwan},
  journal={IEEE transactions on neural systems and rehabilitation engineering},
  volume={30},
  pages={2385--2394},
  year={2022},
  publisher={IEEE}
}

@ARTICLE{wang_thresh_ml,
  author={Wang, Gaojing and Li, Qingquan and Wang, Lei and Zhang, Yuanshi and Liu, Zheng},
  journal={IEEE Transactions on Consumer Electronics}, 
  title={CMFALL: A Cascade and Parallel Multi-State Fall Detection Algorithm Using Waist-Mounted Tri-Axial Accelerometer Signals}, 
  year={2020},
  volume={66},
  number={3},
  pages={261-270}}

@article{he2019low,
  title={A low power fall sensing technology based on FD-CNN},
  author={He, Jian and Zhang, Zihao and Wang, Xiaoyi and Yang, Shengqi},
  journal={IEEE Sensors Journal},
  volume={19},
  number={13},
  pages={5110--5118},
  year={2019},
  publisher={IEEE}
}

@ARTICLE{lopez_real_world_falls,
  author={Mosquera-Lopez, Clara and Wan, Eric and Shastry, Mahesh and Folsom, Jonathon and Leitschuh, Joseph and Condon, John and Rajhbeharrysingh, Uma and Hildebrand, Andrea and Cameron, Michelle and Jacobs, Peter G.},
  journal={IEEE Journal of Biomedical and Health Informatics}, 
  title={Automated Detection of Real-World Falls: Modeled From People With Multiple Sclerosis}, 
  year={2021},
  volume={25},
  number={6},
  pages={1975-1984}}

@article{mosquera2020automated,
  title={Automated detection of real-world falls: Modeled from people with multiple sclerosis},
  author={Mosquera-Lopez, Clara and Wan, Eric and Shastry, Mahesh and Folsom, Jonathon and Leitschuh, Joseph and Condon, John and Rajhbeharrysingh, Uma and Hildebrand, Andrea and Cameron, Michelle and Jacobs, Peter G},
  journal={IEEE journal of biomedical and health informatics},
  volume={25},
  number={6},
  pages={1975--1984},
  year={2020},
  publisher={IEEE}
}

@inproceedings{mekruksavanich2022wearable,
  title={Wearable fall detection based on motion signals using hybrid deep residual neural network},
  author={Mekruksavanich, Sakorn and Jantawong, Ponnipa and Hnoohom, Narit and Jitpattanakul, Anuchit},
  booktitle={International Conference on Multi-disciplinary Trends in Artificial Intelligence},
  pages={216--224},
  year={2022},
  organization={Springer}
}

@inproceedings{liu2023deep,
  title={Deep Learning-based Fall Detection Algorithm Using Ensemble Model of Coarse-fine CNN and GRU Networks},
  author={Liu, Chien-Pin and Li, Ju-Hsuan and Chu, En-Ping and Hsieh, Chia-Yeh and Liu, Kai-Chun and Chan, Chia-Tai and Tsao, Yu},
  booktitle={2023 IEEE International Symposium on Medical Measurements and Applications (MeMeA)},
  pages={1--5},
  year={2023},
  organization={IEEE}
}

@inproceedings{lime,
  title={" Why should i trust you?" Explaining the predictions of any classifier},
  author={Ribeiro, Marco Tulio and Singh, Sameer and Guestrin, Carlos},
  booktitle={Proceedings of the 22nd ACM SIGKDD international conference on knowledge discovery and data mining},
  pages={1135--1144},
  year={2016}
}

@inproceedings{shap,
author = {Lundberg, Scott M. and Lee, Su-In},
title = {A unified approach to interpreting model predictions},
year = {2017},
isbn = {9781510860964},
publisher = {Curran Associates Inc.},
address = {Red Hook, NY, USA},
booktitle = {Proceedings of the 31st International Conference on Neural Information Processing Systems},
pages = {4768â€“4777},
numpages = {10},
location = {Long Beach, California, USA},
series = {NIPS'17}
}

@article{hu2021model,
  title={Model complexity of deep learning: A survey},
  author={Hu, Xia and Chu, Lingyang and Pei, Jian and Liu, Weiqing and Bian, Jiang},
  journal={Knowledge and Information Systems},
  volume={63},
  pages={2585--2619},
  year={2021},
  publisher={Springer}
}

@INPROCEEDINGS{fourier_resample,  author={Hawkins, W.G.},  booktitle={1996 IEEE Nuclear Science Symposium. Conference Record},   title={Fourier transform resampling: theory and application [medical imaging]},   year={1996},  volume={3},  number={},  pages={1491-1495 vol.3}}

@InProceedings{b2b,
author="Dhariyal, Bhaskar
and Le Nguyen, Thach
and Ifrim, Georgiana",
editor="Ifrim, Georgiana
and Tavenard, Romain
and Bagnall, Anthony
and Schaefer, Patrick
and Malinowski, Simon
and Guyet, Thomas
and Lemaire, Vincent",
title="Back toÂ Basics: A Sanity Check onÂ Modern Time Series Classification Algorithms",
booktitle="Advanced Analytics and Learning on Temporal Data",
year="2023",
publisher="Springer Nature Switzerland",
address="Cham",
pages="205--229",
isbn="978-3-031-49896-1"
}

@article{hydra, title={Hydra: competing convolutional kernels for fast and accurate time series classification}, volume={37}, number={5}, journal={Data mining and knowledge discovery}, publisher={Springer Science+Business Media}, author={Dempster, Angus and Schmidt, Daniel F and Webb, Geoffrey I}, year={2023}, month={May}, pages={1779â€“1805} }

@article{dempster2020rocket,
  title={ROCKET: exceptionally fast and accurate time series classification using random convolutional kernels},
  author={Dempster, Angus and Petitjean, Fran{\c{c}}ois and Webb, Geoffrey I},
  journal={Data Mining and Knowledge Discovery},
  volume={34},
  number={5},
  pages={1454--1495},
  year={2020},
  publisher={Springer}
}

@article{lubba2019catch22,
  title={catch22: CAnonical Time-series CHaracteristics: Selected through highly comparative time-series analysis},
  author={Lubba, Carl H and Sethi, Sarab S and Knaute, Philip and Schultz, Simon R and Fulcher, Ben D and Jones, Nick S},
  journal={Data Mining and Knowledge Discovery},
  volume={33},
  number={6},
  pages={1821--1852},
  year={2019},
  publisher={Springer}
}

@article{dempster2024quant,
  title={Quant: A minimalist interval method for time series classification},
  author={Dempster, Angus and Schmidt, Daniel F and Webb, Geoffrey I},
  journal={Data Mining and Knowledge Discovery},
  pages={1--26},
  year={2024},
  publisher={Springer}
}

@article{zhao2017convolutional,
  title={Convolutional neural networks for time series classification},
  author={Zhao, Bendong and Lu, Huanzhang and Chen, Shangfeng and Liu, Junliang and Wu, Dongya},
  journal={Journal of Systems Engineering and Electronics},
  volume={28},
  number={1},
  pages={162--169},
  year={2017},
  publisher={BIAI}
}

@article{ozdemir2016analysis,
  title={An analysis on sensor locations of the human body for wearable fall detection devices: Principles and practice},
  author={{\"O}zdemir, Ahmet Turan},
  journal={Sensors},
  volume={16},
  number={8},
  pages={1161},
  year={2016},
  publisher={MDPI}
}

@article{tsCaptum,
    author = {Davide Italo Serramazza, Thach Le Nguyen, Georgiana Ifrim},
    title = {A Short Tutorial for Multivariate Time Series Explanation using tsCaptum},
    journal = {Software Impacts},
    year = {2024},
    publisher = {Elsevier},
    note = {In Press},
    url = { https://github.com/mlgig/tscaptum},
}


@INPROCEEDINGS{resnet,
  author={Ramanathan, Amrutha and McDermott, James},
  booktitle={2021 International Joint Conference on Neural Networks (IJCNN)}, 
  title={Fall detection with accelerometer data using Residual Networks adapted to multi-variate time series classification}, 
  year={2021},
  volume={},
  number={},
  pages={1-8}}

@article{nguyen2024model,
  title={Model and Empirical Study on Multi-tasking Learning for Human Fall Detection},
  author={Nguyen, Duc-Anh and Pham, Cuong and Argent, Rob and Caulfield, Brian and Le-Khac, Nhien-An},
  journal={Vietnam Journal of Computer Science},
  pages={1--14},
  year={2024},
  publisher={World Scientific}
}

@inproceedings{wang2024fusion,
  title={Fusion of Machine Learning and Threshold-Based Approaches for Fall Detection in Healthcare Using Inertial Sensors.},
  author={Wang, Ya and Sarvari, Peiman Alipour and Khadraoui, Djamel},
  booktitle={BIOSTEC (1)},
  pages={573--582},
  year={2024}
}

@inproceedings{jitpattanakul2022wearable,
  title={Wearable Fall Detection Based on Motion Signals Using Hybrid Deep Residual Neural Network},
  author={Jitpattanakul, Anuchit},
  booktitle={Multi-disciplinary Trends in Artificial Intelligence: 15th International Conference, MIWAI 2022, Virtual Event, November 17--19, 2022, Proceedings},
  volume={13651},
  pages={216},
  year={2022},
  organization={Springer Nature}
}

@article{santoyo2022study,
  title={A study of the influence of the sensor sampling frequency on the performance of wearable fall detectors},
  author={Santoyo-Ram{\'o}n, Jos{\'e} Antonio and Casilari, Eduardo and Cano-Garc{\'\i}a, Jos{\'e} Manuel},
  journal={Measurement},
  volume={193},
  pages={110945},
  year={2022},
  publisher={Elsevier}
}

@inproceedings{liu2023gru,
  title={Deep Learning-based Fall Detection Algorithm Using Ensemble Model of Coarse-fine CNN and GRU Networks},
  author={Liu, Chien-Pin and Li, Ju-Hsuan and Chu, En-Ping and Hsieh, Chia-Yeh and Liu, Kai-Chun and Chan, Chia-Tai and Tsao, Yu},
  booktitle={2023 IEEE International Symposium on Medical Measurements and Applications (MeMeA)},
  pages={1--5},
  year={2023},
  organization={IEEE}
}

@article{yi2024fall,
  title={Fall Detection of the Elderly Using Denoising LSTM-based Convolutional Variant Autoencoder},
  author={Yi, Myung-Kyu and Han, KyungHyun and Hwang, Seong Oun},
  journal={IEEE Sensors Journal},
  year={2024},
  publisher={IEEE}
}

@article{musci2020online,
  title={Online fall detection using recurrent neural networks on smart wearable devices},
  author={Musci, Mirto and De Martini, Daniele and Blago, Nicola and Facchinetti, Tullio and Piastra, Marco},
  journal={IEEE Transactions on Emerging Topics in Computing},
  volume={9},
  number={3},
  pages={1276--1289},
  year={2020},
  publisher={IEEE}
}

@inproceedings{magalhaes2021automatic,
  title={Automatic fall detection using long short-term memory network},
  author={Magalh{\~a}es, Carlos and Ribeiro, Jo{\~a}o and Leite, Argentina and Solteiro Pires, EJ and Pav{\~a}o, Jo{\~a}o},
  booktitle={International Work-Conference on Artificial Neural Networks},
  pages={359--371},
  year={2021},
  organization={Springer}
}

@article{cross_dataset,
title = {Cross-dataset evaluation of wearable fall detection systems using data from real falls and long-term monitoring of daily life},
journal = {Measurement},
volume = {235},
pages = {114992},
year = {2024},
issn = {0263-2241},
author = {Carlos A. Silva and Eduardo Casilari and Rodolfo GarcÃ­a-BermÃºdez},
}

@article{pernes_agostinho_bernardes_jÃºlio, title={Documenting fall episodes: a scoping review}, volume={11}, journal={Frontiers in public health}, publisher={Frontiers Media}, author={Pernes, Mafalda and Agostinho, InÃªs and Bernardes, Rafael A and JÃºlio Belo Fernandes and Cristina Lavareda Baixinho}, year={2023}, month={May} }

@article{borrelli_creath_rogers_2023, title={A method for simulating forward falls and controlling impact velocity}, volume={11}, journal={MethodsX}, publisher={Elsevier BV}, author={Borrelli, James and Creath, Robert A and Rogers, Mark W}, year={2023}, month={Dec}, pages={102399â€“102399} }

@inproceedings{davide_ecml,
author = {Serramazza, Davide and Le Nguyen, Thach and Ifrim, Georgiana},
year = {2024},
month = {06},
pages = {},
title = {Improving the Evaluation and Actionability of Explanation Methods for Multivariate Time Series Classification},
booktitle={2024 European Conference on Machine Learning and Principles and Practice of Knowledge Discovery in Databases}, 
}

@article{ismail2020inceptiontime,
  title={Inceptiontime: Finding alexnet for time series classification},
  author={Ismail Fawaz, Hassan and Lucas, Benjamin and Forestier, Germain and Pelletier, Charlotte and Schmidt, Daniel F and Weber, Jonathan and Webb, Geoffrey I and Idoumghar, Lhassane and Muller, Pierre-Alain and Petitjean, Fran{\c{c}}ois},
  journal={Data Mining and Knowledge Discovery},
  volume={34},
  number={6},
  pages={1936--1962},
  year={2020},
  publisher={Springer}
}

@INPROCEEDINGS{lite,
  author={Ismail-Fawaz, Ali and Devanne, Maxime and Berretti, Stefano and Weber, Jonathan and Forestier, Germain},
  booktitle={2023 IEEE 10th International Conference on Data Science and Advanced Analytics (DSAA)}, 
  title={LITE: Light Inception with boosTing tEchniques for Time Series Classification}, 
  year={2023},
  volume={},
  number={},
  pages={1-10}}

@inproceedings{flynn2019contract,
  title={The contract random interval spectral ensemble (c-RISE): The effect of contracting a classifier on accuracy},
  author={Flynn, Michael and Large, James and Bagnall, Tony},
  booktitle={Hybrid Artificial Intelligent Systems: 14th International Conference, HAIS 2019, Le{\'o}n, Spain, September 4--6, 2019, Proceedings 14},
  pages={381--392},
  year={2019},
  organization={Springer}
}

@article{middlehurst2024aeon,
  title={aeon: a Python toolkit for learning from time series},
  author={Middlehurst, Matthew and Ismail-Fawaz, Ali and Guillaume, Antoine and Holder, Christopher and Rubio, David Guijo and Bulatova, Guzal and Tsaprounis, Leonidas and Mentel, Lukasz and Walter, Martin and Sch{\"a}fer, Patrick and others},
  journal={arXiv preprint arXiv:2406.14231},
  year={2024}
}

@article{pedregosa2011scikit,
  title={Scikit-learn: Machine learning in Python},
  author={Pedregosa, Fabian and Varoquaux, Ga{\"e}l and Gramfort, Alexandre and Michel, Vincent and Thirion, Bertrand and Grisel, Olivier and Blondel, Mathieu and Prettenhofer, Peter and Weiss, Ron and Dubourg, Vincent and others},
  journal={the Journal of machine Learning research},
  volume={12},
  pages={2825--2830},
  year={2011},
  publisher={JMLR. org}
}

@inproceedings{aderinola2024accurate,
  title={Accurate and Efficient Real-World Fall Detection Using Time Series Techniques},
  author={Aderinola, Timilehin B and Palmerini, Luca and Dâ€™Ascanio, Ilaria and Chiari, Lorenzo and Klenk, Jochen and Becker, Clemens and Caulfield, Brian and Ifrim, Georgiana},
  booktitle={International Workshop on Advanced Analytics and Learning on Temporal Data},
  pages={52--79},
  year={2024},
  organization={Springer}
}

@article{gaya2024deep,
  title={Deep learning for computer vision based activity recognition and fall detection of the elderly: a systematic review},
  author={Gaya-Morey, F Xavier and Manresa-Yee, Cristina and Buades-Rubio, Jos{\'e} M},
  journal={Applied Intelligence},
  volume={54},
  number={19},
  pages={8982--9007},
  year={2024},
  publisher={Springer}
}

@article{mohan2024artificial,
  title={Artificial intelligence and iot in elderly fall prevention: A review},
  author={Mohan, Deepika and Al-Hamid, Duaa Zuhair and Chong, Peter Han Joo and Sudheera, Kalupahana Liyanage Kushan and Gutierrez, Jairo and Chan, Henry CB and Li, Hui},
  journal={IEEE Sensors Journal},
  volume={24},
  number={4},
  pages={4181--4198},
  year={2024},
  publisher={IEEE}
}

@article{fernandez2024edge,
  title={Edge computing transformers for fall detection in older adults},
  author={Fernandez-Bermejo, Jes{\'u}s and Martinez-Del-Rincon, Jes{\'u}s and Dorado, Javier and Toro, Xavier Del and Santofimia, Mar{\'\i}a J and Lopez, Juan C},
  journal={International journal of neural systems},
  volume={34},
  number={05},
  pages={2450026},
  year={2024},
  publisher={World Scientific}
}

@article{schwickert2017reading,
  title={Reading from the black box: what sensors tell us about resting and recovery after real-world falls},
  author={Schwickert, Lars and Klenk, Jochen and Zijlstra, Wiebren and Forst-Gill, Maxim and Sczuka, Kim and Helbostad, Jorunn L and Chiari, Lorenzo and Aminian, Kamiar and Todd, Chris and Becker, Clemens},
  journal={Gerontology},
  volume={64},
  number={1},
  pages={90--95},
  year={2017},
  publisher={S. Karger AG Basel, Switzerland}
}

@inproceedings{elkan2001foundations,
  title={The foundations of cost-sensitive learning},
  author={Elkan, Charles},
  booktitle={International joint conference on artificial intelligence},
  volume={17},
  number={1},
  pages={973--978},
  year={2001},
  organization={Lawrence Erlbaum Associates Ltd}
}